%YAML 1.1
%TAG !u! tag:unity3d.com,2011:
--- !u!1 &271804564911153940
GameObject:
  m_ObjectHideFlags: 0
  m_CorrespondingSourceObject: {fileID: 0}
  m_PrefabInstance: {fileID: 0}
  m_PrefabAsset: {fileID: 0}
  serializedVersion: 6
  m_Component:
  - component: {fileID: 2363396373885764998}
  - component: {fileID: 6819967747249860363}
  - component: {fileID: 702070709715263827}
  m_Layer: 0
  m_Name: Point Light
  m_TagString: Untagged
  m_Icon: {fileID: 0}
  m_NavMeshLayer: 0
  m_StaticEditorFlags: 0
  m_IsActive: 0
--- !u!4 &2363396373885764998
Transform:
  m_ObjectHideFlags: 0
  m_CorrespondingSourceObject: {fileID: 0}
  m_PrefabInstance: {fileID: 0}
  m_PrefabAsset: {fileID: 0}
  m_GameObject: {fileID: 271804564911153940}
  m_LocalRotation: {x: 0, y: 0, z: 0, w: 1}
  m_LocalPosition: {x: 0, y: 0.199, z: 0}
  m_LocalScale: {x: 1, y: 1, z: 1}
  m_ConstrainProportionsScale: 0
  m_Children: []
  m_Father: {fileID: 4392983084867020437}
  m_RootOrder: 2
  m_LocalEulerAnglesHint: {x: 0, y: 0, z: 0}
--- !u!108 &6819967747249860363
Light:
  m_ObjectHideFlags: 0
  m_CorrespondingSourceObject: {fileID: 0}
  m_PrefabInstance: {fileID: 0}
  m_PrefabAsset: {fileID: 0}
  m_GameObject: {fileID: 271804564911153940}
  m_Enabled: 1
  serializedVersion: 10
  m_Type: 2
  m_Shape: 0
  m_Color: {r: 0.77044046, g: 0.990566, b: 0.38781592, a: 1}
  m_Intensity: 0.38
  m_Range: 0.62
  m_SpotAngle: 30
  m_InnerSpotAngle: 21.80208
  m_CookieSize: 10
  m_Shadows:
    m_Type: 0
    m_Resolution: -1
    m_CustomResolution: -1
    m_Strength: 1
    m_Bias: 0.05
    m_NormalBias: 0.4
    m_NearPlane: 0.2
    m_CullingMatrixOverride:
      e00: 1
      e01: 0
      e02: 0
      e03: 0
      e10: 0
      e11: 1
      e12: 0
      e13: 0
      e20: 0
      e21: 0
      e22: 1
      e23: 0
      e30: 0
      e31: 0
      e32: 0
      e33: 1
    m_UseCullingMatrixOverride: 0
  m_Cookie: {fileID: 0}
  m_DrawHalo: 0
  m_Flare: {fileID: 0}
  m_RenderMode: 0
  m_CullingMask:
    serializedVersion: 2
    m_Bits: 4294967295
  m_RenderingLayerMask: 1
  m_Lightmapping: 4
  m_LightShadowCasterMode: 0
  m_AreaSize: {x: 1, y: 1}
  m_BounceIntensity: 1
  m_ColorTemperature: 6570
  m_UseColorTemperature: 0
  m_BoundingSphereOverride: {x: 0, y: 0, z: 0, w: 0}
  m_UseBoundingSphereOverride: 0
  m_UseViewFrustumForShadowCasterCull: 1
  m_ShadowRadius: 0
  m_ShadowAngle: 0
--- !u!114 &702070709715263827
MonoBehaviour:
  m_ObjectHideFlags: 0
  m_CorrespondingSourceObject: {fileID: 0}
  m_PrefabInstance: {fileID: 0}
  m_PrefabAsset: {fileID: 0}
  m_GameObject: {fileID: 271804564911153940}
  m_Enabled: 1
  m_EditorHideFlags: 0
  m_Script: {fileID: 11500000, guid: 474bcb49853aa07438625e644c072ee6, type: 3}
  m_Name: 
  m_EditorClassIdentifier: 
  m_Version: 1
  m_UsePipelineSettings: 1
  m_AdditionalLightsShadowResolutionTier: 2
  m_LightLayerMask: 1
  m_CustomShadowLayers: 0
  m_ShadowLayerMask: 1
  m_LightCookieSize: {x: 1, y: 1}
  m_LightCookieOffset: {x: 0, y: 0}
--- !u!1 &7515432033322850002
GameObject:
  m_ObjectHideFlags: 0
  m_CorrespondingSourceObject: {fileID: 0}
  m_PrefabInstance: {fileID: 0}
  m_PrefabAsset: {fileID: 0}
  serializedVersion: 6
  m_Component:
  - component: {fileID: 4392983084867020437}
  m_Layer: 0
  m_Name: DeliveryZoneItem
  m_TagString: Untagged
  m_Icon: {fileID: 0}
  m_NavMeshLayer: 0
  m_StaticEditorFlags: 0
  m_IsActive: 1
--- !u!4 &4392983084867020437
Transform:
  m_ObjectHideFlags: 0
  m_CorrespondingSourceObject: {fileID: 0}
  m_PrefabInstance: {fileID: 0}
  m_PrefabAsset: {fileID: 0}
  m_GameObject: {fileID: 7515432033322850002}
  m_LocalRotation: {x: 0, y: 0, z: 0, w: 1}
  m_LocalPosition: {x: 0, y: 0, z: 0}
  m_LocalScale: {x: 1, y: 1, z: 1}
  m_ConstrainProportionsScale: 0
  m_Children:
  - {fileID: 5086851337607255175}
  - {fileID: 3615625899009325865}
  - {fileID: 2363396373885764998}
  m_Father: {fileID: 0}
  m_RootOrder: 0
  m_LocalEulerAnglesHint: {x: 0, y: 0, z: 0}
--- !u!1001 &1766110871140381915
PrefabInstance:
  m_ObjectHideFlags: 0
  serializedVersion: 2
  m_Modification:
    m_TransformParent: {fileID: 4392983084867020437}
    m_Modifications:
    - target: {fileID: 5992063115605327140, guid: b533ca44d03a35348ad4c99463940767,
        type: 3}
      propertyPath: m_Radius
      value: 0.14
      objectReference: {fileID: 0}
    - target: {fileID: 5992063115605327140, guid: b533ca44d03a35348ad4c99463940767,
        type: 3}
      propertyPath: m_Center.y
      value: 0.13
      objectReference: {fileID: 0}
    - target: {fileID: 5992063115605327140, guid: b533ca44d03a35348ad4c99463940767,
        type: 3}
      propertyPath: m_Center.z
      value: 0
      objectReference: {fileID: 0}
    - target: {fileID: 6780833541581840476, guid: b533ca44d03a35348ad4c99463940767,
        type: 3}
      propertyPath: m_RootOrder
      value: 0
      objectReference: {fileID: 0}
    - target: {fileID: 6780833541581840476, guid: b533ca44d03a35348ad4c99463940767,
        type: 3}
      propertyPath: m_LocalPosition.x
      value: 0
      objectReference: {fileID: 0}
    - target: {fileID: 6780833541581840476, guid: b533ca44d03a35348ad4c99463940767,
        type: 3}
      propertyPath: m_LocalPosition.y
      value: 0
      objectReference: {fileID: 0}
    - target: {fileID: 6780833541581840476, guid: b533ca44d03a35348ad4c99463940767,
        type: 3}
      propertyPath: m_LocalPosition.z
      value: 0
      objectReference: {fileID: 0}
    - target: {fileID: 6780833541581840476, guid: b533ca44d03a35348ad4c99463940767,
        type: 3}
      propertyPath: m_LocalRotation.w
      value: 1
      objectReference: {fileID: 0}
    - target: {fileID: 6780833541581840476, guid: b533ca44d03a35348ad4c99463940767,
        type: 3}
      propertyPath: m_LocalRotation.x
      value: 0
      objectReference: {fileID: 0}
    - target: {fileID: 6780833541581840476, guid: b533ca44d03a35348ad4c99463940767,
        type: 3}
      propertyPath: m_LocalRotation.y
      value: 0
      objectReference: {fileID: 0}
    - target: {fileID: 6780833541581840476, guid: b533ca44d03a35348ad4c99463940767,
        type: 3}
      propertyPath: m_LocalRotation.z
      value: 0
      objectReference: {fileID: 0}
    - target: {fileID: 6780833541581840476, guid: b533ca44d03a35348ad4c99463940767,
        type: 3}
      propertyPath: m_LocalEulerAnglesHint.x
      value: 0
      objectReference: {fileID: 0}
    - target: {fileID: 6780833541581840476, guid: b533ca44d03a35348ad4c99463940767,
        type: 3}
      propertyPath: m_LocalEulerAnglesHint.y
      value: 0
      objectReference: {fileID: 0}
    - target: {fileID: 6780833541581840476, guid: b533ca44d03a35348ad4c99463940767,
        type: 3}
      propertyPath: m_LocalEulerAnglesHint.z
      value: 0
      objectReference: {fileID: 0}
    - target: {fileID: 6780833541581840477, guid: b533ca44d03a35348ad4c99463940767,
        type: 3}
      propertyPath: m_Name
      value: ScareSensor
      objectReference: {fileID: 0}
    - target: {fileID: 6780833541581840479, guid: b533ca44d03a35348ad4c99463940767,
        type: 3}
      propertyPath: doGettable
      value: 1
      objectReference: {fileID: 0}
    - target: {fileID: 6780833541581840479, guid: b533ca44d03a35348ad4c99463940767,
        type: 3}
      propertyPath: pickedItemToSense
      value: nose
      objectReference: {fileID: 0}
    - target: {fileID: 6780833541581840479, guid: b533ca44d03a35348ad4c99463940767,
        type: 3}
      propertyPath: _MyScareEvent.m_PersistentCalls.m_Calls.Array.size
      value: 0
      objectReference: {fileID: 0}
    - target: {fileID: 6780833541581840479, guid: b533ca44d03a35348ad4c99463940767,
        type: 3}
      propertyPath: _MyPickedItemEvent.m_PersistentCalls.m_Calls.Array.size
      value: 1
      objectReference: {fileID: 0}
    - target: {fileID: 6780833541581840479, guid: b533ca44d03a35348ad4c99463940767,
        type: 3}
      propertyPath: _MyScareEvent.m_PersistentCalls.m_Calls.Array.data[0].m_Mode
      value: 6
      objectReference: {fileID: 0}
    - target: {fileID: 6780833541581840479, guid: b533ca44d03a35348ad4c99463940767,
        type: 3}
      propertyPath: _MyScareEvent.m_PersistentCalls.m_Calls.Array.data[0].m_Target
      value: 
      objectReference: {fileID: 0}
    - target: {fileID: 6780833541581840479, guid: b533ca44d03a35348ad4c99463940767,
        type: 3}
      propertyPath: _MyPickedItemEvent.m_PersistentCalls.m_Calls.Array.data[0].m_Mode
      value: 6
      objectReference: {fileID: 0}
    - target: {fileID: 6780833541581840479, guid: b533ca44d03a35348ad4c99463940767,
        type: 3}
      propertyPath: _MyScareEvent.m_PersistentCalls.m_Calls.Array.data[0].m_CallState
      value: 2
      objectReference: {fileID: 0}
    - target: {fileID: 6780833541581840479, guid: b533ca44d03a35348ad4c99463940767,
        type: 3}
      propertyPath: _MyScareEvent.m_PersistentCalls.m_Calls.Array.data[0].m_MethodName
      value: SetActive
      objectReference: {fileID: 0}
    - target: {fileID: 6780833541581840479, guid: b533ca44d03a35348ad4c99463940767,
        type: 3}
      propertyPath: _MyPickedItemEvent.m_PersistentCalls.m_Calls.Array.data[0].m_Target
      value: 
      objectReference: {fileID: 271804564911153940}
    - target: {fileID: 6780833541581840479, guid: b533ca44d03a35348ad4c99463940767,
        type: 3}
      propertyPath: _MyPickedItemEvent.m_PersistentCalls.m_Calls.Array.data[0].m_CallState
      value: 2
      objectReference: {fileID: 0}
    - target: {fileID: 6780833541581840479, guid: b533ca44d03a35348ad4c99463940767,
        type: 3}
      propertyPath: _MyPickedItemEvent.m_PersistentCalls.m_Calls.Array.data[0].m_MethodName
      value: SetActive
      objectReference: {fileID: 0}
    - target: {fileID: 6780833541581840479, guid: b533ca44d03a35348ad4c99463940767,
        type: 3}
      propertyPath: _MyScareEvent.m_PersistentCalls.m_Calls.Array.data[0].m_TargetAssemblyTypeName
      value: UnityEngine.GameObject, UnityEngine
      objectReference: {fileID: 0}
    - target: {fileID: 6780833541581840479, guid: b533ca44d03a35348ad4c99463940767,
        type: 3}
      propertyPath: _MyScareEvent.m_PersistentCalls.m_Calls.Array.data[0].m_Arguments.m_BoolArgument
      value: 1
      objectReference: {fileID: 0}
    - target: {fileID: 6780833541581840479, guid: b533ca44d03a35348ad4c99463940767,
        type: 3}
      propertyPath: _MyPickedItemEvent.m_PersistentCalls.m_Calls.Array.data[0].m_TargetAssemblyTypeName
      value: UnityEngine.GameObject, UnityEngine
      objectReference: {fileID: 0}
    - target: {fileID: 6780833541581840479, guid: b533ca44d03a35348ad4c99463940767,
        type: 3}
      propertyPath: _MyPickedItemEvent.m_PersistentCalls.m_Calls.Array.data[0].m_Arguments.m_BoolArgument
      value: 1
      objectReference: {fileID: 0}
    - target: {fileID: 6780833541581840479, guid: b533ca44d03a35348ad4c99463940767,
        type: 3}
      propertyPath: _MyScareEvent.m_PersistentCalls.m_Calls.Array.data[0].m_Arguments.m_ObjectArgumentAssemblyTypeName
      value: UnityEngine.Object, UnityEngine
      objectReference: {fileID: 0}
    - target: {fileID: 6780833541581840479, guid: b533ca44d03a35348ad4c99463940767,
        type: 3}
      propertyPath: _MyPickedItemEvent.m_PersistentCalls.m_Calls.Array.data[0].m_Arguments.m_ObjectArgumentAssemblyTypeName
      value: UnityEngine.Object, UnityEngine
      objectReference: {fileID: 0}
    m_RemovedComponents: []
  m_SourcePrefab: {fileID: 100100000, guid: b533ca44d03a35348ad4c99463940767, type: 3}
--- !u!1 &5086851337607255174 stripped
GameObject:
  m_CorrespondingSourceObject: {fileID: 6780833541581840477, guid: b533ca44d03a35348ad4c99463940767,
    type: 3}
  m_PrefabInstance: {fileID: 1766110871140381915}
  m_PrefabAsset: {fileID: 0}
--- !u!54 &1766110870414734801
Rigidbody:
  m_ObjectHideFlags: 0
  m_CorrespondingSourceObject: {fileID: 0}
  m_PrefabInstance: {fileID: 0}
  m_PrefabAsset: {fileID: 0}
  m_GameObject: {fileID: 5086851337607255174}
  serializedVersion: 2
  m_Mass: 1
  m_Drag: 0
  m_AngularDrag: 0.05
  m_UseGravity: 0
  m_IsKinematic: 1
  m_Interpolate: 0
  m_Constraints: 0
  m_CollisionDetection: 0
--- !u!4 &5086851337607255175 stripped
Transform:
  m_CorrespondingSourceObject: {fileID: 6780833541581840476, guid: b533ca44d03a35348ad4c99463940767,
    type: 3}
  m_PrefabInstance: {fileID: 1766110871140381915}
  m_PrefabAsset: {fileID: 0}
--- !u!1001 &3866324767642115266
PrefabInstance:
  m_ObjectHideFlags: 0
  serializedVersion: 2
  m_Modification:
    m_TransformParent: {fileID: 4392983084867020437}
    m_Modifications:
    - target: {fileID: -8679921383154817045, guid: 643c0907f71657b47b817f2acd0d262b,
        type: 3}
      propertyPath: m_RootOrder
      value: 1
      objectReference: {fileID: 0}
    - target: {fileID: -8679921383154817045, guid: 643c0907f71657b47b817f2acd0d262b,
        type: 3}
      propertyPath: m_LocalPosition.x
      value: -0
      objectReference: {fileID: 0}
    - target: {fileID: -8679921383154817045, guid: 643c0907f71657b47b817f2acd0d262b,
        type: 3}
      propertyPath: m_LocalPosition.y
      value: 0
      objectReference: {fileID: 0}
    - target: {fileID: -8679921383154817045, guid: 643c0907f71657b47b817f2acd0d262b,
        type: 3}
      propertyPath: m_LocalPosition.z
      value: 0
      objectReference: {fileID: 0}
    - target: {fileID: -8679921383154817045, guid: 643c0907f71657b47b817f2acd0d262b,
        type: 3}
      propertyPath: m_LocalRotation.w
      value: 1
      objectReference: {fileID: 0}
    - target: {fileID: -8679921383154817045, guid: 643c0907f71657b47b817f2acd0d262b,
        type: 3}
      propertyPath: m_LocalRotation.x
      value: 0
      objectReference: {fileID: 0}
    - target: {fileID: -8679921383154817045, guid: 643c0907f71657b47b817f2acd0d262b,
        type: 3}
      propertyPath: m_LocalRotation.y
      value: -0
      objectReference: {fileID: 0}
    - target: {fileID: -8679921383154817045, guid: 643c0907f71657b47b817f2acd0d262b,
        type: 3}
      propertyPath: m_LocalRotation.z
      value: -0
      objectReference: {fileID: 0}
    - target: {fileID: -8679921383154817045, guid: 643c0907f71657b47b817f2acd0d262b,
        type: 3}
      propertyPath: m_LocalEulerAnglesHint.x
      value: 0
      objectReference: {fileID: 0}
    - target: {fileID: -8679921383154817045, guid: 643c0907f71657b47b817f2acd0d262b,
        type: 3}
      propertyPath: m_LocalEulerAnglesHint.y
      value: 0
      objectReference: {fileID: 0}
    - target: {fileID: -8679921383154817045, guid: 643c0907f71657b47b817f2acd0d262b,
        type: 3}
      propertyPath: m_LocalEulerAnglesHint.z
      value: 0
      objectReference: {fileID: 0}
    - target: {fileID: 919132149155446097, guid: 643c0907f71657b47b817f2acd0d262b,
        type: 3}
      propertyPath: m_Name
      value: StoneBowl
      objectReference: {fileID: 0}
    m_RemovedComponents: []
  m_SourcePrefab: {fileID: 100100000, guid: 643c0907f71657b47b817f2acd0d262b, type: 3}
--- !u!4 &3615625899009325865 stripped
Transform:
  m_CorrespondingSourceObject: {fileID: -8679921383154817045, guid: 643c0907f71657b47b817f2acd0d262b,
    type: 3}
  m_PrefabInstance: {fileID: 3866324767642115266}
  m_PrefabAsset: {fileID: 0}
--- !u!1 &4136160664904753555 stripped
GameObject:
  m_CorrespondingSourceObject: {fileID: 919132149155446097, guid: 643c0907f71657b47b817f2acd0d262b,
    type: 3}
  m_PrefabInstance: {fileID: 3866324767642115266}
  m_PrefabAsset: {fileID: 0}
--- !u!64 &931652746714521195
MeshCollider:
  m_ObjectHideFlags: 0
  m_CorrespondingSourceObject: {fileID: 0}
  m_PrefabInstance: {fileID: 0}
  m_PrefabAsset: {fileID: 0}
  m_GameObject: {fileID: 4136160664904753555}
  m_Material: {fileID: 0}
  m_IsTrigger: 0
  m_Enabled: 1
  serializedVersion: 4
  m_Convex: 1
  m_CookingOptions: 30
  m_Mesh: {fileID: 477525350536967170, guid: 643c0907f71657b47b817f2acd0d262b, type: 3}
