%YAML 1.1
%TAG !u! tag:unity3d.com,2011:
--- !u!1 &1648909044340600662
GameObject:
  m_ObjectHideFlags: 0
  m_CorrespondingSourceObject: {fileID: 0}
  m_PrefabInstance: {fileID: 0}
  m_PrefabAsset: {fileID: 0}
  serializedVersion: 6
  m_Component:
  - component: {fileID: 1648909044340600661}
  - component: {fileID: 1648909044340600660}
  - component: {fileID: 1648909044340600663}
  m_Layer: 0
  m_Name: Crowbar_PickUpItem
  m_TagString: scareTag
  m_Icon: {fileID: 0}
  m_NavMeshLayer: 0
  m_StaticEditorFlags: 0
  m_IsActive: 1
--- !u!4 &1648909044340600661
Transform:
  m_ObjectHideFlags: 0
  m_CorrespondingSourceObject: {fileID: 0}
  m_PrefabInstance: {fileID: 0}
  m_PrefabAsset: {fileID: 0}
  m_GameObject: {fileID: 1648909044340600662}
  m_LocalRotation: {x: 0, y: 0, z: 0, w: 1}
  m_LocalPosition: {x: 0, y: 0, z: -1.31}
  m_LocalScale: {x: 1, y: 1, z: 1}
  m_ConstrainProportionsScale: 0
  m_Children:
  - {fileID: 7138211906134072050}
  m_Father: {fileID: 0}
  m_RootOrder: 0
  m_LocalEulerAnglesHint: {x: 0, y: 0, z: 0}
--- !u!54 &1648909044340600660
Rigidbody:
  m_ObjectHideFlags: 0
  m_CorrespondingSourceObject: {fileID: 0}
  m_PrefabInstance: {fileID: 0}
  m_PrefabAsset: {fileID: 0}
  m_GameObject: {fileID: 1648909044340600662}
  serializedVersion: 2
  m_Mass: 1
  m_Drag: 0
  m_AngularDrag: 0.05
  m_UseGravity: 1
  m_IsKinematic: 0
  m_Interpolate: 0
  m_Constraints: 0
  m_CollisionDetection: 0
--- !u!114 &1648909044340600663
MonoBehaviour:
  m_ObjectHideFlags: 0
  m_CorrespondingSourceObject: {fileID: 0}
  m_PrefabInstance: {fileID: 0}
  m_PrefabAsset: {fileID: 0}
  m_GameObject: {fileID: 1648909044340600662}
  m_Enabled: 1
  m_EditorHideFlags: 0
  m_Script: {fileID: 11500000, guid: 320b3198b964ab14b95a41593f63860f, type: 3}
  m_Name: 
  m_EditorClassIdentifier: 
  itemName: crowbar
--- !u!1001 &7249313902002486553
PrefabInstance:
  m_ObjectHideFlags: 0
  serializedVersion: 2
  m_Modification:
    m_TransformParent: {fileID: 1648909044340600661}
    m_Modifications:
    - target: {fileID: -8679921383154817045, guid: 45c609341d656d645be20dd4e81d67e6,
        type: 3}
      propertyPath: m_RootOrder
      value: 0
      objectReference: {fileID: 0}
    - target: {fileID: -8679921383154817045, guid: 45c609341d656d645be20dd4e81d67e6,
        type: 3}
      propertyPath: m_LocalPosition.x
      value: 0
      objectReference: {fileID: 0}
    - target: {fileID: -8679921383154817045, guid: 45c609341d656d645be20dd4e81d67e6,
        type: 3}
      propertyPath: m_LocalPosition.y
      value: 0
      objectReference: {fileID: 0}
    - target: {fileID: -8679921383154817045, guid: 45c609341d656d645be20dd4e81d67e6,
        type: 3}
      propertyPath: m_LocalPosition.z
      value: 0
      objectReference: {fileID: 0}
    - target: {fileID: -8679921383154817045, guid: 45c609341d656d645be20dd4e81d67e6,
        type: 3}
      propertyPath: m_LocalRotation.w
      value: 1
      objectReference: {fileID: 0}
    - target: {fileID: -8679921383154817045, guid: 45c609341d656d645be20dd4e81d67e6,
        type: 3}
      propertyPath: m_LocalRotation.x
      value: 0
      objectReference: {fileID: 0}
    - target: {fileID: -8679921383154817045, guid: 45c609341d656d645be20dd4e81d67e6,
        type: 3}
      propertyPath: m_LocalRotation.y
      value: 0
      objectReference: {fileID: 0}
    - target: {fileID: -8679921383154817045, guid: 45c609341d656d645be20dd4e81d67e6,
        type: 3}
      propertyPath: m_LocalRotation.z
      value: 0
      objectReference: {fileID: 0}
    - target: {fileID: -8679921383154817045, guid: 45c609341d656d645be20dd4e81d67e6,
        type: 3}
      propertyPath: m_LocalEulerAnglesHint.x
      value: 0
      objectReference: {fileID: 0}
    - target: {fileID: -8679921383154817045, guid: 45c609341d656d645be20dd4e81d67e6,
        type: 3}
      propertyPath: m_LocalEulerAnglesHint.y
      value: 0
      objectReference: {fileID: 0}
    - target: {fileID: -8679921383154817045, guid: 45c609341d656d645be20dd4e81d67e6,
        type: 3}
      propertyPath: m_LocalEulerAnglesHint.z
      value: 0
      objectReference: {fileID: 0}
    - target: {fileID: 919132149155446097, guid: 45c609341d656d645be20dd4e81d67e6,
        type: 3}
      propertyPath: m_Name
      value: Crowbar
      objectReference: {fileID: 0}
    m_RemovedComponents: []
  m_SourcePrefab: {fileID: 100100000, guid: 45c609341d656d645be20dd4e81d67e6, type: 3}
--- !u!4 &7138211906134072050 stripped
Transform:
  m_CorrespondingSourceObject: {fileID: -8679921383154817045, guid: 45c609341d656d645be20dd4e81d67e6,
    type: 3}
  m_PrefabInstance: {fileID: 7249313902002486553}
  m_PrefabAsset: {fileID: 0}
--- !u!1 &7519838491902312520 stripped
GameObject:
  m_CorrespondingSourceObject: {fileID: 919132149155446097, guid: 45c609341d656d645be20dd4e81d67e6,
    type: 3}
  m_PrefabInstance: {fileID: 7249313902002486553}
  m_PrefabAsset: {fileID: 0}
--- !u!65 &6743867891796979282
BoxCollider:
  m_ObjectHideFlags: 0
  m_CorrespondingSourceObject: {fileID: 0}
  m_PrefabInstance: {fileID: 0}
  m_PrefabAsset: {fileID: 0}
  m_GameObject: {fileID: 7519838491902312520}
  m_Material: {fileID: 0}
  m_IsTrigger: 0
  m_Enabled: 1
  serializedVersion: 2
  m_Size: {x: 0.43284026, y: 0.10207599, z: 1.3410162}
  m_Center: {x: 0, y: 0.05025735, z: 0}
